<record><leader>00000cas a22000007a 4500</leader><controlfield tag="001">15248229</controlfield><controlfield tag="008">870227d18821883msuwr ne      0    0eng d</controlfield><datafield ind1=" " ind2=" " tag="010"><subfield code="a">sn 87065172 </subfield></datafield><datafield ind1=" " ind2=" " tag="040"><subfield code="a">MJA</subfield><subfield code="b">eng</subfield><subfield code="c">MJA</subfield><subfield code="d">MSJ</subfield><subfield code="d">OCLCQ</subfield></datafield><datafield ind1=" " ind2=" " tag="042"><subfield code="a">msc</subfield></datafield><datafield ind1="0" ind2="4" tag="245"><subfield code="a">The Copiah signal.</subfield></datafield><datafield ind1="3" ind2="0" tag="246"><subfield code="a">Signal</subfield></datafield><datafield ind1=" " ind2=" " tag="260"><subfield code="a">Hazlehurst, Miss. :</subfield><subfield code="b">Oscar H. Johnston,</subfield><subfield code="c">1882-</subfield></datafield><datafield ind1=" " ind2=" " tag="310"><subfield code="a">Weekly</subfield></datafield><datafield ind1="0" ind2=" " tag="362"><subfield code="a">Vol. 1, no. 1 (Feb. 10, 1882)-</subfield></datafield><datafield ind1="1" ind2=" " tag="362"><subfield code="a">Ceased in 1883.</subfield></datafield><datafield ind1=" " ind2=" " tag="752"><subfield code="a">United States</subfield><subfield code="b">Mississippi</subfield><subfield code="c">Copiah</subfield><subfield code="d">Hazlehurst.</subfield></datafield><datafield ind1="0" ind2="0" tag="785"><subfield code="t">Hazlehurst signal</subfield><subfield code="w">(OCoLC)15248979</subfield></datafield></record>